% Ich sortiere meine Quellen nach ihrem ersten Auftreten

% Kapitel 1
@Book{Liu64,
  author =     	{Wei Liu},
  title =     	{Simultaneous Inference in Regression},
  publisher =  	{Taylor and Trancis Group, Boca Raton},
  year =      	{1964},
}

@Book{Georgii09,
  author =     	{Hans-Otto Georgii},
  title =     	{Stochastik},
  publisher =  	{de Gruyter},
  year =      	{2009},
}

@thesis{Kriv15,
author = {Tatyana Krivobokova},
title = {Angewandte Statistik},
type = {Skript},
year = {SS 2015},
}

@thesis{Munk13,
author = {Axel Munk},
title = {Introduction to Mathematical Statistics},
subtitle = {from a Practical Point of View},
type = {Skript},
year = {29.10.2013},
}

% Kapitel 1.3 Konfidenzb채nder auf R
% Hoel51
%Scheffe53, 59

% Kaptiel 1.4 einfaches Regressionsmodell auf Intervallen
@Book{Liu08,
  author =     	{W. Liu and S. Lin and W.W. Piegorsch},
  title =     	{Construction of exact simultaneous confidence bands for a simple linear regression model},
  publisher =  	{International Statistical Review},
  year =      	{2008},
}

% Kapitel 1.5 multiples Regressionsmodell auf Intervallen
@Book{Naiman87,
  author =     	{D.Q. Naiman},
  title =     	{Simultaneous Confidence Bounds in Multiple Regression Using Predictor Variable Constraints},
  publisher =  	{Journal of the American Statistical Association},
  year =      	{1987},
}

% Liu 2005

% Kapitel 1.6 multiple Regression auf Intervallen f체r Polynomgestalt

% Liu 2008

@Book{Wynn71,
  author =     	{H.P. Wynn and P. Bloomfield},
  title =     	{Simultaneous confidence bands in regression analysis},
  publisher =  	{Journal of the Royal Statistical Society},
  year =      	{1971},
}

% Kapitel 2 Vergleich von Regressionsmodellen
@Book{Liu07,
  author =     	{W. Liu and M. Jamshidian and Y. Zhang and F. Bretz and X. Han},
  title =     	{Some new methods for the comparison of two linear regression models},
  publisher =  	{Journal of Statistical Planning anud Inference},
  year =      	{2007},
}

% Kapitel 3 Teil eines Regressionsmodells 체berpr체fen
@Book{Draper98,
  author =     	{N. Draper and H. Smith},
  title =     	{Applied Linear Regression, 3rd edition},
  publisher =  	{Wiley},
  year =      	{1998},
}

@Book{Jamshidian07,
  author =     	{M. Jamshidian and R. Jendrich and W. Liu},
  title =     	{a study of partial F tests fo multiple linear regression models},
  publisher =  	{Computational Statistics and Data Analysis},
  year =      	{2007},
}

% Kapitel 3
@Book{Hansen15,
  author =     	{Bruce E. Hansen},
  title =     	{Econometrics},
  publisher =  	{University of Wisconsin},
  year =      	{16.1.2015},
}

@Book{Pinheiro00,
  author =     	{Jos\'{e} C. Pinheiro and Douglas M. Bates},
  title =     	{Mixed-Effects Models in S and S-PLUS},
  publisher =  	{Annals of Eugenics},
  year =      	{ 2000},
}

% Kapitel 5
@article{Rehfeldt10,
author = {A. Zemel and F. Rehfeldt},
title = {Optimal matrix rigidity for stress-fibre polarization in stem cells},
journaltitle = {Nature Physics},
year = {2010},
}

% ?
@Book{Hsu41,
  author =     	{P.L. Hsu},
  title =     	{Canonical reduction of the general regression problem},
  publisher =  	{Annals of Eugenics},
  year =      	{1941},
}  